<collection xmlns="http://www.loc.gov/MARC21/slim">
<record>
  <leader>01349nam0a2200241 i 450 </leader>
  <controlfield tag="001">IT\ICCU\CNCE\048840</controlfield>
  <controlfield tag="005">20030919000000.0</controlfield>
  <datafield tag="012" ind1=" " ind2=" ">
    <subfield code="a">m-e, peio dida sico (C) 1575 (Q)</subfield>
    <subfield code="2">fei</subfield>
  </datafield>
  <datafield tag="100" ind1=" " ind2=" ">
    <subfield code="a">19990824f1575        0itac0103    ba</subfield>
  </datafield>
  <datafield tag="101" ind1=" " ind2=" ">
    <subfield code="a">ITA</subfield>
  </datafield>
  <datafield tag="102" ind1=" " ind2=" ">
    <subfield code="a">IT</subfield>
  </datafield>
  <datafield tag="200" ind1="1" ind2=" ">
    <subfield code="a">Sermone del reuer.mo arciu.uo di Turino monsignor Hieronimo Della Rouere nella translatione de i corpi de&apos; santi Solutore, Aduentore, &amp; Ottauio, Giuliana, &amp; Gosselino, fatto nel santo sacrificio della messa da esso celebrata nel Colleggio del Giesu in Turino. L&apos;anno MDLXXV alli XX di gennaio</subfield>
  </datafield>
  <datafield tag="210" ind1=" " ind2=" ">
    <subfield code="a">In Turino</subfield>
    <subfield code="c">nella stamparia de gli heredi del Beuilaqua</subfield>
    <subfield code="d">\1575?!</subfield>
  </datafield>
  <datafield tag="215" ind1=" " ind2=" ">
    <subfield code="a">\8! c.</subfield>
    <subfield code="d">4ʻ</subfield>
  </datafield>
  <datafield tag="620" ind1=" " ind2=" ">
    <subfield code="a">IT</subfield>
    <subfield code="d">Torino</subfield>
  </datafield>
  <datafield tag="700" ind1=" " ind2="1">
    <subfield code="a">Della_Rovere,</subfield>
    <subfield code="b">Girolamo</subfield>
    <subfield code="3">IT\ICCU\CNCA\004711</subfield>
  </datafield>
  <datafield tag="712" ind1="0" ind2="0">
    <subfield code="a">Bevilacqua, Niccol ̣- eredi</subfield>
    <subfield code="3">IT\ICCU\CNCT\000513</subfield>
    <subfield code="4">650</subfield>
  </datafield>
  <datafield tag="790" ind1=" " ind2="1">
    <subfield code="a">Rovere,</subfield>
    <subfield code="b">Girolamo : della</subfield>
    <subfield code="3">IT\ICCU\CNCA\004712</subfield>
    <subfield code="z">Della_Rovere, Girolamo</subfield>
  </datafield>
  <datafield tag="790" ind1=" " ind2="0">
    <subfield code="a">Hieronymus</subfield>
    <subfield code="c"> : de#Ruvere</subfield>
    <subfield code="3">IT\ICCU\CNCA\022136</subfield>
    <subfield code="z">Della_Rovere, Girolamo</subfield>
  </datafield>
  <datafield tag="801" ind1=" " ind2="3">
    <subfield code="a">IT</subfield>
    <subfield code="b">ICCU</subfield>
    <subfield code="c">20201115</subfield>
  </datafield>
  <datafield tag="899" ind1=" " ind2=" ">
    <subfield code="a">Biblioteca  Panizzi. Reggio Emilia</subfield>
    <subfield code="1">RE0052</subfield>
    <subfield code="2">RE2 PA</subfield>
  </datafield>
  <datafield tag="911" ind1=" " ind2=" ">
    <subfield code="a">Sul front.</subfield>
    <subfield code="9">IT\ICCU\CNCM\001065</subfield>
  </datafield>
  <datafield tag="921" ind1=" " ind2=" ">
    <subfield code="a">IT\ICCU\CNCM\001065</subfield>
    <subfield code="b">Pazienza (donna incatenata a una roccia sulla quale poggia una sfera armillare). In cornice ovale all&apos;interno di un fregio</subfield>
    <subfield code="c">U124</subfield>
    <subfield code="d">Dimensioni: 10,5 x 3</subfield>
    <subfield code="f">PAZIENZA</subfield>
    <subfield code="f">SFERA</subfield>
    <subfield code="g">[1575?]-1587</subfield>
  </datafield>
</record>
</collection>
